<?xml version="1.0" encoding="utf-8"?>
<record xmlns="http://www.loc.gov/MARC21/slim" xmlns:xsi="http://www.w3.org/2001/XMLSchema-instance" xsi:schemaLocation="http://www.loc.gov/MARC21/slim http://www.loc.gov/standards/marcxml/schema/MARC21slim.xsd">
	<leader>     nam a22     Mi 4500</leader>
	<controlfield tag="001">3872866</controlfield>
	<controlfield tag="003">NjP</controlfield>
	<controlfield tag="006">m        d        </controlfield>
	<controlfield tag="007">cr cn |||m|||a</controlfield>
	<controlfield tag="008">201005m18731876ti      o     000 0 ara d</controlfield>
	<datafield ind1=" " ind2=" " tag="040">
		<subfield code="a">ZYU</subfield>
		<subfield code="b">ara</subfield>
		<subfield code="e">rda</subfield>
		<subfield code="c">ZYU</subfield>
	</datafield>
	<datafield ind1=" " ind2="4" tag="050">
		<subfield code="a">PJ6101.U83</subfield>
		<subfield code="b">M35 1873</subfield>
	</datafield>
	<datafield ind1="1" ind2=" " tag="100">
		<subfield code="6">880-01</subfield>
		<subfield code="a">Tūnisī, Muḥammad ibn ʻAlī,</subfield>
		<subfield code="d">-1717 or 1718.</subfield>
	</datafield>
	<datafield ind1="1" ind2="3" tag="245">
		<subfield code="6">880-02</subfield>
		<subfield code="a">al-Ḥāshīyah al-mawsūmah bi-ẓawāhir [i.e. bi-zawāhir] al-kawākib li-bawāhir al- mawākib ʻalá sharḥ Nūr al-Dīn Abī al-Ḥasan ʻAlī ibn Muḥammad al-Ushmūnī al-Shāfiʻī al-muʻanwan Manhaj al-sālik ilá alfīyat Ibn Mālik /</subfield>
		<subfield code="c">taʼlīf Abī ʻAbd Allāh Muḥammad ibn ʻAlī ibn Saʻīd al-Tūnisī al- Mālikī.</subfield>
	</datafield>
	<datafield ind1="3" ind2=" " tag="246">
		<subfield code="6">880-03</subfield>
		<subfield code="a">Zawāhir al-kawākib li-bawāhir al-mawākib</subfield>
	</datafield>
	<datafield ind1=" " ind2=" " tag="250">
		<subfield code="6">880-04</subfield>
		<subfield code="a">al-Ṭabʻah 1.</subfield>
	</datafield>
	<datafield ind1=" " ind2=" " tag="260">
		<subfield code="6">880-05</subfield>
		<subfield code="a">[Tunis] :</subfield>
		<subfield code="b">Maṭbaʻat al-Dawlah al-Tūnisīyah al-Maḥrūsah,</subfield>
		<subfield code="c">1290-1293 [1873-1876]</subfield>
	</datafield>
	<datafield ind1=" " ind2=" " tag="300">
		<subfield code="a">online resource (2 volumes)</subfield>
	</datafield>
	<datafield ind1=" " ind2=" " tag="336">
		<subfield code="a">text</subfield>
		<subfield code="2">rdacontent</subfield>
	</datafield>
	<datafield ind1=" " ind2=" " tag="337">
		<subfield code="a">computer</subfield>
		<subfield code="2">rdamedia</subfield>
	</datafield>
	<datafield ind1=" " ind2=" " tag="338">
		<subfield code="a">online resource</subfield>
		<subfield code="2">rdacarrier</subfield>
	</datafield>
	<datafield ind1=" " ind2=" " tag="500">
		<subfield code="a">Part of the Arabic Collections Online (ACO) project, contributed by Princeton University Libraries.</subfield>
	</datafield>
	<datafield ind1=" " ind2=" " tag="533">
		<subfield code="a">Electronic reproduction.</subfield>
		<subfield code="b">New York, N.Y. :</subfield>
		<subfield code="c">New York University,</subfield>
		<subfield code="d">2020.</subfield>
		<subfield code="5">NNU</subfield>
	</datafield>
	<datafield ind1="1" ind2="0" tag="600">
		<subfield code="6">880-06</subfield>
		<subfield code="a">Ushmūnī, ʻAlī ibn Muḥammad,</subfield>
		<subfield code="d">1435-1494 or 1495.</subfield>
		<subfield code="t">Manhaj al-sālik ilá Alfīyat Ibn Mālik.</subfield>
	</datafield>
	<datafield ind1=" " ind2="0" tag="650">
		<subfield code="a">Arabic language</subfield>
		<subfield code="x">Grammar.</subfield>
	</datafield>
	<datafield ind1="0" ind2="7" tag="630">
		<subfield code="a">Manhaj al-sālik ilá Alfīyat Ibn Mālik (Ushmūnī, ʻAlī ibn Muḥammad)</subfield>
		<subfield code="2">fast</subfield>
		<subfield code="0">(OCoLC)fst01377688</subfield>
	</datafield>
	<datafield ind1=" " ind2="7" tag="650">
		<subfield code="a">Arabic language</subfield>
		<subfield code="x">Grammar.</subfield>
		<subfield code="2">fast</subfield>
		<subfield code="0">(OCoLC)fst00812341</subfield>
	</datafield>
	<datafield ind1="1" ind2="2" tag="700">
		<subfield code="6">880-07</subfield>
		<subfield code="a">Ushmūnī, ʻAlī ibn Muḥammad,</subfield>
		<subfield code="d">1435-1494 or 1495.</subfield>
		<subfield code="t">Manhaj al-sālik ilá Alfīyat Ibn Mālik.</subfield>
	</datafield>
	<datafield ind1="2" ind2=" " tag="710">
		<subfield code="a">Princeton University.</subfield>
		<subfield code="b">Library.</subfield>
	</datafield>
	<datafield ind1="0" ind2=" " tag="730">
		<subfield code="a">Arabic Collections Online.</subfield>
	</datafield>
	<datafield ind1="0" ind2="8" tag="776">
		<subfield code="i">Print version:</subfield>
		<subfield code="a">Tūnisī, Muḥammad ibn ʻAlī, -1717 or 1718.</subfield>
		<subfield code="t">al-Ḥāshīyah al-mawsūmah bi-ẓawāhir [i.e. bi-zawāhir] al-kawākib li-bawāhir al- mawākib ʻalá sharḥ Nūr al-Dīn Abī al-Ḥasan ʻAlī ibn Muḥammad al-Ushmūnī al-Shāfiʻī al-muʻanwan Manhaj al-sālik ilá alfīyat Ibn Mālik</subfield>
		<subfield code="w">(NjP)3872866</subfield>
		<subfield code="w">(OCoLC)60506117</subfield>
	</datafield>
	<datafield ind1="4" ind2="0" tag="856">
		<subfield code="u">http://hdl.handle.net/2333.1/73n5tn05</subfield>
	</datafield>
	<datafield ind1="4" ind2="0" tag="856">
		<subfield code="u">http://hdl.handle.net/2333.1/73n5tn05</subfield>
	</datafield>
	<datafield ind1="1" ind2=" " tag="880">
		<subfield code="6">100-01</subfield>
		<subfield code="a">تونسي، محمد بن علي،</subfield>
		<subfield code="d">-1717 or 1718.</subfield>
	</datafield>
	<datafield ind1="1" ind2="2" tag="880">
		<subfield code="6">245-02</subfield>
		<subfield code="a">الحاشية الموسومة بظواهرالكواكب لبواهر المواكب على شرح نور الدين أبى الحسن على بن محمد الأشمونى الشافعى المعنون منهج السالك إلى ألفية بن مالك /</subfield>
		<subfield code="c">تأليف أبى عبد الله محمد بن على بن سعيد التونسى المالكى.</subfield>
	</datafield>
	<datafield ind1="3" ind2=" " tag="880">
		<subfield code="6">246-03</subfield>
		<subfield code="a">ظواهرالكواكب لبواهر المواكب</subfield>
	</datafield>
	<datafield ind1=" " ind2=" " tag="880">
		<subfield code="6">250-04</subfield>
		<subfield code="a">الطبعة 1.</subfield>
	</datafield>
	<datafield ind1=" " ind2=" " tag="880">
		<subfield code="6">260-05</subfield>
		<subfield code="a">تونس :</subfield>
		<subfield code="b">مطبعة الدولة التونسية المحروسة،</subfield>
		<subfield code="c">1290-1293 [1873-1876]</subfield>
	</datafield>
	<datafield ind1="1" ind2="4" tag="880">
		<subfield code="6">600-06</subfield>
		<subfield code="a">أشمونى، على بن محمد.</subfield>
		<subfield code="t">منهج السالك إلى ألفية بن مالك.</subfield>
	</datafield>
	<datafield ind1="1" ind2="2" tag="880">
		<subfield code="6">700-07</subfield>
		<subfield code="a">أشمونى، على بن محمد.</subfield>
		<subfield code="t">منهج السالك إلى ألفية بن مالك.</subfield>
	</datafield>
	<datafield ind1=" " ind2=" " tag="959">
		<subfield code="a">NNU</subfield>
		<subfield code="b">WEB</subfield>
		<subfield code="c">GENI</subfield>
		<subfield code="t">0</subfield>
		<subfield code="m">Electronic access</subfield>
		<subfield code="s">01</subfield>
	</datafield>
	<datafield ind1=" " ind2=" " tag="959">
		<subfield code="a">NNU</subfield>
		<subfield code="b">WEB</subfield>
		<subfield code="c">GENI</subfield>
		<subfield code="t">0</subfield>
		<subfield code="m">Electronic access</subfield>
		<subfield code="s">01</subfield>
	</datafield>
	<datafield ind1=" " ind2=" " tag="999">
		<subfield code="i">NjP_3872866</subfield>
		<subfield code="o">(OCoLC)ocm60506117</subfield>
		<subfield code="s">princeton_aco004643:juz 1</subfield>
		<subfield code="s">princeton_aco004642:juz.2</subfield>
		<subfield code="s">princeton_aco004643:juz 1</subfield>
		<subfield code="s">princeton_aco004642:juz.2</subfield>
	</datafield>
</record>
